@article{furst1984parity,
  title={Parity, circuits, and the polynomial-time hierarchy},
  author={Furst, Merrick and Saxe, James B and Sipser, Michael},
  journal={Mathematical systems theory},
  volume={17},
  number={1},
  pages={13--27},
  year={1984},
  publisher={Springer}
}

@article{mitzenmacherprobability,
  title={Probability and Computing. 2005},
  author={Mitzenmacher, Michael and Upfal, Eli},
  journal={Cambridge UP}
}

@inproceedings{weiss2018practical,
  title={On the Practical Computational Power of Finite Precision RNNs for Language Recognition},
  author={Weiss, Gail and Goldberg, Yoav and Yahav, Eran},
  booktitle={Proceedings of the 56th Annual Meeting of the Association for Computational Linguistics (Volume 2: Short Papers)},
  pages={740--745},
  year={2018}
}


@inproceedings{sennhauser2018evaluating,
  title={Evaluating the Ability of LSTMs to Learn Context-Free Grammars},
  author={Sennhauser, Luzi and Berwick, Robert},
  booktitle={Proceedings of the 2018 EMNLP Workshop BlackboxNLP: Analyzing and Interpreting Neural Networks for NLP},
  pages={115--124},
  year={2018}
}


@article{suzgun2019evaluating,
  title={On Evaluating the Generalization of LSTM Models in Formal Languages},
  author={Suzgun, Mirac and Belinkov, Yonatan and Shieber, Stuart M},
  journal={Proceedings of the Society for Computation in Linguistics (SCiL)},
  pages={277--286},
  year={2019}
}


@article{merrill2019sequential,
  title={Sequential neural networks as automata},
  author={Merrill, William},
  journal={arXiv preprint arXiv:1906.01615},
  year={2019}
}



@article{bernardy2018can,
  title={Can Recurrent Neural Networks Learn Nested Recursion?},
  author={Bernardy, Jean-Philippe},
  journal={LiLT (Linguistic Issues in Language Technology)},
  volume={16},
  number={1},
  year={2018}
}


@article{perez2019turing,
  title={On the Turing Completeness of Modern Neural Network Architectures},
  author={P{\'e}rez, Jorge and Marinkovi{\'c}, Javier and Barcel{\'o}, Pablo},
  journal={arXiv preprint arXiv:1901.03429},
  year={2019}
}



@article{chen2017recurrent,
  title={Recurrent neural networks as weighted language recognizers},
  author={Chen, Yining and Gilroy, Sorcha and Maletti, Andreas and May, Jonathan and Knight, Kevin},
  journal={arXiv preprint arXiv:1711.05408},
  year={2017}
}



@incollection{siegelman1991neural,
  title={Neural networks are universal computing devices},
  author={Siegelman, H and Sontag, ED},
  booktitle={Technical Report SYCON-91-08},
  year={1991},
  publisher={Rutgers Center for Systems and Control}
}



@inproceedings{vaswani2017attention,
  title={Attention is all you need},
  author={Vaswani, Ashish and Shazeer, Noam and Parmar, Niki and Uszkoreit, Jakob and Jones, Llion and Gomez, Aidan N and Kaiser, {\L}ukasz and Polosukhin, Illia},
  booktitle={Advances in neural information processing systems},
  pages={5998--6008},
  year={2017}
}


@article{dehghani2018universal,
  title={Universal transformers},
  author={Dehghani, Mostafa and Gouws, Stephan and Vinyals, Oriol and Uszkoreit, Jakob and Kaiser, {\L}ukasz},
  journal={arXiv preprint arXiv:1807.03819},
  year={2018}
}

@article{tran2018importance,
  title={The importance of being recurrent for modeling hierarchical structure},
  author={Tran, Ke and Bisazza, Arianna and Monz, Christof},
  journal={arXiv preprint arXiv:1803.03585},
  year={2018}
}

@article{yang2019assessing,
  title={Assessing the Ability of Self-Attention Networks to Learn Word Order},
  author={Yang, Baosong and Wang, Longyue and Wong, Derek F and Chao, Lidia S and Tu, Zhaopeng},
  journal={arXiv preprint arXiv:1906.00592},
  year={2019}
}

@inproceedings{yao1986separating,
author={A. C. {Yao}},
booktitle={26th Annual Symposium on Foundations of Computer Science (sfcs 1985)},
title={Separating the polynomial-time hierarchy by oracles},
year={1985},
volume={},
number={},
pages={1-10},
keywords={Polynomials;Circuits;Erbium;Frequency selective surfaces;Computer science;Complexity theory;Computational complexity},
doi={10.1109/SFCS.1985.49},
ISSN={0272-5428},
month={Oct},}


@article{hastad1994optimal,
  title={Optimal Depth, Very Small Size Circuits for Symmetrical Functions in AC0},
  author={Hastad, Johan and Wegener, Ingo and Wurm, Norbert and Yi, Sang-Zin},
  journal={Information and Computation},
  volume={108},
  number={2},
  pages={200--211},
  year={1994},
  publisher={Elsevier}
}

@book{arora2009computational,
  title={Computational complexity: a modern approach},
  author={Arora, Sanjeev and Barak, Boaz},
  year={2009},
  publisher={Cambridge University Press}
}



